<?xml version="1.0" encoding="UTF-8"?><collection xmlns="http://www.loc.gov/MARC21/slim"><record><leader>00431nam--2200133-i-4500</leader><controlfield tag="001">000004776</controlfield><controlfield tag="002">20161230</controlfield><controlfield tag="005">20161230201026</controlfield><controlfield tag="008">060222s1000------------r-----000-0-eng-d</controlfield><datafield ind1=" " ind2=" " tag="100"><subfield code="a">Adamsli, T., Rykowski, S</subfield></datafield><datafield ind1=" " ind2=" " tag="245"><subfield code="a">Precipitation of sparingly soluble salts in combination with crystallization in the meta- stable supersaturation region</subfield></datafield><datafield ind1=" " ind2=" " tag="260"><subfield code="a">Warsaw, Polish Academy Of Sciences, 1959 6 P</subfield></datafield><datafield ind1=" " ind2=" " tag="490"><subfield code="a">91/Iv</subfield></datafield><datafield ind1=" " ind2=" " tag="852"><subfield code="a">13780</subfield></datafield></record></collection>